@article{word2vec,
  title={Efficient estimation of word representations in vector space},
  author={Mikolov, Tomas and Chen, Kai and Corrado, Greg and Dean, Jeffrey},
  journal={arXiv preprint arXiv:1301.3781},
  year={2013}
}

@book{murphy2022,
  title={Probabilistic Machine Learning: An Introduction},
  author={Murphy, Kevin P.},
  isbn={9780262046824},
  lccn={2021027430},
  series={Adaptive Computation and Machine Learning series},
  year={2022},
  publisher={MIT Press}
}

@article{cai2018,
  author={Cai, HongYun and Zheng, Vincent W. and Chang, Kevin Chen-Chuan},
  journal={IEEE Transactions on Knowledge and Data Engineering}, 
  title={A Comprehensive Survey of Graph Embedding: Problems, Techniques, and Applications}, 
  year={2018},
  volume={30},
  number={9},
  pages={1616-1637},
  doi={10.1109/TKDE.2018.2807452}
}

@inproceedings{deepwalk,
  author = {Perozzi, Bryan and Al-Rfou, Rami and Skiena, Steven},
  title = {DeepWalk: Online Learning of Social Representations},
  year = {2014},
  booktitle = {Proceedings of the 20th ACM SIGKDD International Conference on Knowledge Discovery and Data Mining},
  series = {KDD '14}
}

@inproceedings{line,
  author = {Tang, Jian and Qu, Meng and Wang, Mingzhe and Zhang, Ming and Yan, Jun and Mei, Qiaozhu},
  title = {LINE: Large-Scale Information Network Embedding},
  year = {2015},
  booktitle = {Proceedings of the 24th International Conference on World Wide Web},
  series = {WWW '15}
}

@inproceedings{node2vec,
  author = {Grover, Aditya and Leskovec, Jure},
  title = {Node2vec: Scalable Feature Learning for Networks},
  year = {2016},
  booktitle = {Proceedings of the 22nd ACM SIGKDD International Conference on Knowledge Discovery and Data Mining},
  series = {KDD '16}
}

@inproceedings{gcn,
  title={Semi-Supervised Classification with Graph Convolutional Networks},
  author={Thomas N. Kipf and Max Welling},
  booktitle={International Conference on Learning Representations},
  year={2017},
}

@inproceedings{Defferrard2016,
    author = {Defferrard, Micha\"{e}l and Bresson, Xavier and Vandergheynst, Pierre},
    title = {Convolutional Neural Networks on Graphs with Fast Localized Spectral Filtering},
    year = {2016},
    booktitle = {Proceedings of the 30th International Conference on Neural Information Processing Systems},
    series = {NIPS'16}
}

@inproceedings{mikolov2013distributed,
  title={Distributed representations of words and phrases and their compositionality},
  author={Mikolov, Tomas and Sutskever, Ilya and Chen, Kai and Corrado, Greg S and Dean, Jeff},
  journal={Advances in Neural Information Processing Systems},
  volume={26},
  year={2013}
}

@inproceedings{hoff2002latent,
  title={Latent space approaches to social network analysis},
  author={Hoff, Peter D and Raftery, Adrian E and Handcock, Mark S},
  journal={Journal of the american Statistical association},
  volume={97},
  number={460},
  pages={1090--1098},
  year={2002},
  publisher={Taylor \& Francis}
}

@inproceedings{aifb,
  author = {Bloehdorn, Stephan and Sure, York},
  title = {Kernel Methods for Mining Instance Data in Ontologies},
  year = {2007},
  booktitle = {Proceedings of the 6th International The Semantic Web and 2nd Asian Conference on Asian Semantic Web Conference},
  series = {ISWC'07/ASWC'07}
}

@inproceedings{pubmed,
  author = {Yang, Zhilin and Cohen, William W. and Salakhutdinov, Ruslan},
  title = {Revisiting Semi-Supervised Learning with Graph Embeddings},
  year = {2016},
  booktitle = {Proceedings of the 33rd International Conference on International Conference on Machine Learning},
  series = {ICML'16}
}
