%% LaTeX2e file `group-43-slides.bib'
%% generated by the `filecontents' environment
%% from source `group-43-slides' on 2022/11/12.
%%
@TECHREPORT{RePEc:cwl:cwldpp:159,
    title = {Commercial Banks as Creators of 'Money'},
    author = {Tobin, James},
    year = {1963},
    institution = {Cowles Foundation for Research in Economics, Yale University},
    type = {Cowles Foundation Discussion Papers},
    number = {159},
    url = {http://EconPapers.repec.org/RePEc:cwl:cwldpp:159}
}
